@misc{tokio, title={Tokio Crate}, url={https://tokio.rs/}} 
@misc{async-trait, title={async-trait Crate}, url={https://github.com/dtolnay/async-trait}} 
@misc{capnproto, title={Cap'n Proto: RPC Protocol}, url={https://capnproto.org/rpc.html}} 
@misc{msgpack, title={MessagePack Serialization Format}, url={https://msgpack.org/}} 
@misc{rust, title={Rust Programming Language}, url={https://www.rust-lang.org/}}
@misc{async-drop, title={async fn fundamentals initiative: Async drop}, url={https://rust-lang.github.io/async-fundamentals-initiative/roadmap/async_drop.html}} 